@inproceedings{goodfellow,
author = {Goodfellow, Ian J. and Pouget-Abadie, Jean and Mirza, Mehdi and Xu, Bing and Warde-Farley, David and Ozair, Sherjil and Courville, Aaron and Bengio, Yoshua},
title = {Generative Adversarial Nets},
year = {2014},
publisher = {MIT Press},
address = {Cambridge, MA, USA},
booktitle = {Proceedings of the 27th International Conference on Neural Information Processing Systems - Volume 2},
pages = {2672–2680},
numpages = {9},
location = {Montreal, Canada},
series = {NIPS’14}
}

@article{arjovsky,
	title={Wasserstein GAN},
	author={Mart{\'i}n Arjovsky and Soumith Chintala and L{\'e}on Bottou},
	journal={ArXiv},
	year={2017},
	volume={abs/1701.07875}
}
